@article{nasrallah2018ultra,
  title={Ultra-low latency (ULL) networks: The IEEE TSN and IETF DetNet standards and related 5G ULL research},
  author={Nasrallah, Ahmed and Thyagaturu, Akhilesh S and Alharbi, Ziyad and Wang, Cuixiang and Shao, Xing and Reisslein, Martin and ElBakoury, Hesham},
  journal={IEEE Communications Surveys \& Tutorials},
  volume={21},
  number={1},
  pages={88--145},
  year={2018},
  publisher={IEEE}
}
@article{nasrallah2019tsn,
  title={TSN algorithms for large scale networks: A survey and conceptual comparison},
  author={Nasrallah, Ahmed and Balasubramanian, Venkatraman and Thyagaturu, Akhilesh and Reisslein, Martin and ElBakoury, Hesham},
  journal={arXiv preprint arXiv:1905.08478},
  year={2019}
}
@article{bello2018recent,
  title={Recent advances and trends in on-board embedded and networked automotive systems},
  author={Bello, Lucia Lo and Mariani, Riccardo and Mubeen, Saad and Saponara, Sergio},
  journal={IEEE Transactions on Industrial Informatics},
  volume={15},
  number={2},
  pages={1038--1051},
  year={2018},
  publisher={IEEE}
}
@article{bello2019perspective,
  title={A perspective on IEEE time-sensitive networking for industrial communication and automation systems},
  author={Bello, Lucia Lo and Steiner, Wilfried},
  journal={Proceedings of the IEEE},
  volume={107},
  number={6},
  pages={1094--1120},
  year={2019},
  publisher={IEEE}
}
@inproceedings{falk2019nesting,
  title={NeSTiNg: Simulating IEEE time-sensitive networking (TSN) in OMNeT++},
  author={Falk, Jonathan and Hellmanns, David and Carabelli, Ben and Nayak, Naresh and D{\"u}rr, Frank and Kehrer, Stephan and Rothermel, Kurt},
  booktitle={2019 International Conference on Networked Systems (NetSys)},
  pages={1--8},
  year={2019},
  organization={IEEE}
}
@inproceedings{xie2020comparison,
  title={Comparison and Analysis of Simulation methods for TSN Performance},
  author={Xie, Dong and Li, Jiang and Gao, Huisheng},
  booktitle={IOP Conference Series: Materials Science and Engineering},
  volume={768},
  number={5},
  pages={052061},
  year={2020},
  organization={IOP Publishing}
}
@inproceedings{shi2021evaluating,
  title={Evaluating the performance of over-the-air time synchronization for 5G and TSN integration},
  author={Shi, Haochuan and Aijaz, Adnan and Jiang, Nan},
  booktitle={2021 IEEE International Black Sea Conference on Communications and Networking (BlackSeaCom)},
  pages={1--6},
  year={2021},
  organization={IEEE}
}
@article{ojewale2021worst,
  title={Worst-case traversal time analysis of tsn with multi-level preemption},
  author={Ojewale, Mubarak Adetunji and Yomsi, Patrick Meumeu and Nikoli{\'c}, Borislav},
  journal={Journal of Systems Architecture},
  volume={116},
  pages={102079},
  year={2021},
  publisher={Elsevier}
}
@inproceedings{turcanu2021poster,
  title={Poster: Potentials of mixing TSN wired networks and best-effort wireless networks for V2X},
  author={Turcanu, Ion and Sommer, Christoph},
  booktitle={2021 IEEE Vehicular Networking Conference (VNC)},
  pages={135--136},
  year={2021},
  organization={IEEE}
}
