@ARTICLE{conference,
  author={IEEE Transactions on Intelligent Vehicles},
  journal={IEEE Transactions on Intelligent Vehicles}, 
  year = {2016-2022},
  title ={IEEE Transactions on Intelligent Vehicles},
  note ={Editor-in-Chief Fei-Yue Wang
Institute of Automation Chinese Academy of Sciences
Beijing, China}}

@ARTICLE{9761719,
  author={Wang, Fei-Yue},
  journal={IEEE Transactions on Intelligent Vehicles}, 
  title={MetaVehicles in the Metaverse: Moving to a New Phase for Intelligent Vehicles and Smart Mobility}, 
  year={2022},
  volume={7},
  number={1},
  pages={1-5},
  note={Time: 1:30s, Trash; This is an introductory paper to introduce new policy and new
schedule in review process for research on intelligent vehicles.},
  doi={10.1109/TIV.2022.3154489}}
  
@ARTICLE{9761398,
  author={Cao, Dongpu and Wang, Xiao and Li, Lingxi and Lv, Chen and Na, Xiaoxiang and Xing, Yang and Li, Xuan and Li, Ying and Chen, Yuanyuan and Wang, Fei-Yue},
  journal={IEEE Transactions on Intelligent Vehicles}, 
  title={Future Directions of Intelligent Vehicles: Potentials, Possibilities, and Perspectives}, 
  year={2022},
  volume={7},
  number={1},
  pages={7-10},
  note={Time: 50s, Decision: Trash; This paper is  a report on the various issues related to the current state of IEEE technology of intelligent and potential topics for future research and development of intelligent vehicles are addressed especially meta-vehicles},
  doi={10.1109/TIV.2022.3157049}}  
@ARTICLE{9826532,  author={Wang, Fei-Yue},  journal={IEEE Transactions on Intelligent Vehicles},   title={The State of IEEE Transactions on Intelligent Vehicles: From Passive Publication to Active and Smart Exchange and Dissemination},   year={2022},  volume={7},  number={2},  pages={157-163},note={1m, Trash:This is an article on the state of this venue.},  doi={10.1109/TIV.2022.3179103}}

@ARTICLE{9826530,  author={Wang, Fei-Yue and Song, Rui and Zhou, Rui and Wang, Xiao and Chen, Long and Li, Li and Zeng, Liqiang and Zhou, Jianhua and Teng, Siyu and Zhu, Xianglei},  journal={IEEE Transactions on Intelligent Vehicles},   title={Verification and Validation of Intelligent Vehicles: Objectives and Efforts From China},   year={2022},  volume={7},  number={2},  pages={164-169}, note={Time:30s, Trash; This paper briefly  introduces China's effort on testing, verifying  the safety as security of  automated vehicles has become an increasingly important research
topic recently.} ,doi={10.1109/TIV.2022.3179104}}

@ARTICLE{9670638,  author={Bešić, Borna and Valada, Abhinav},  journal={IEEE Transactions on Intelligent Vehicles},   title={Dynamic Object Removal and Spatio-Temporal RGB-D Inpainting via Geometry-Aware Adversarial Learning},   year={2022},  volume={7},  number={2},  pages={170-185}, note ={2m, Trash; The paper overly used images to explain their experiments, and the limitation of the work includes some inaccuracy of the proposed work},  doi={10.1109/TIV.2022.3140654}}

@ARTICLE{9484798,  author={Kumaravel, Sharmila Devi and Malikopoulos, Andreas A. and Ayyagari, Ramakalyan},  journal={IEEE Transactions on Intelligent Vehicles},   title={Optimal Coordination of Platoons of Connected and Automated Vehicles at Signal-Free Intersections},   year={2022},  volume={7},  number={2},  pages={186-197}, note = {Time; 1m, Trash; The paper solves a good problem in this area, however the algorithm has many dependencies such as government traffic laws} ,doi={10.1109/TIV.2021.3096993}}

@ARTICLE{9497693,  author={Wang, Ziran and Han, Kyungtae and Tiwari, Prashant},  journal={IEEE Transactions on Intelligent Vehicles},   title={Digital Twin-Assisted Cooperative Driving at Non-Signalized Intersections},   year={2022},  volume={7},  number={2},  pages={198-209}, note= {Time: 1:48s, Scan; This paper proposed an enhanced solution for driving at non-signalized intersections and their algorithm and visualization makes it easy to read. Summary: This paper proposed an enhanced solution for driving at non-signalized intersections, by  proposing a Digital Twin
framework, which was developed using  an enhanced first-in-first-out (FIFO) slot
reservation algorithm to schedule the sequence of crossing vehicles, and motion control algorithm to predict vehicles’ referenced longitudinal motion, and to reduce packet delay and loss. An augmented reality (AR) human-machine-interface (HMI)
is designed to provide the guidance to drivers to cooperate with other connected vehicles. Result shows20$\%$ reduction in travel time and 23.$\%7$ reduction in energy consumption  } ,doi={10.1109/TIV.2021.3100465}}

@ARTICLE{9511277,  author={Liu, Yongkang and Wang, Ziran and Han, Kyungtae and Shou, Zhenyu and Tiwari, Prashant and Hansen, John H. L.},  journal={IEEE Transactions on Intelligent Vehicles},   title={Vision-Cloud Data Fusion for ADAS: A Lane Change Prediction Case Study},   year={2022},  volume={7},  number={2},  pages={210-220},  note={1:32s, Scan; This paper discusses how  digital-twin model assists in prediction by providing historical data stored in the
cloud. Summary:  This paper investigates an effective approach to visualize
cloud Digital Twin information to support the decision making of intelligent vehicles. The performance comparison between employing single
camera source (RGB camera) and employing two camera
sources (RGB and depth cameras) for target vehicle identification is studied.}  ,doi={10.1109/TIV.2021.3103695}}

@ARTICLE{9743954,  author={Yang, Dongfang and Zhang, Haolin and Yurtsever, Ekim and Redmill, Keith A. and ozguner, umit},  journal={IEEE Transactions on Intelligent Vehicles},   title={Predicting Pedestrian Crossing Intention With Feature Fusion and Spatio-Temporal Attention},   year={2022},  volume={7},  number={2},  pages={221-230}, note={1:32s, Trash; I am not interested in this area, besides, the proposal is incremental} , doi={10.1109/TIV.2022.3162719}}

@ARTICLE{9437967,  author={Zhu, Danjie and Yang, Simon X.},  journal={IEEE Transactions on Intelligent Vehicles},   title={Bio-Inspired Neural Network-Based Optimal Path Planning for UUVs Under the Effect of Ocean Currents},   year={2022},  volume={7},  number={2},  pages={231-239},  note={20s Trash, I am not interested in underwater vehicles} ,  doi={10.1109/TIV.2021.3082151}}

@ARTICLE{9689059,  author={Gao, Tianze and Pan, Huihui and Gao, Huijun},  journal={IEEE Transactions on Intelligent Vehicles},   title={Monocular 3D Object Detection With Sequential Feature Association and Depth Hint Augmentation},   year={2022},  volume={7},  number={2},  pages={240-250}, note ={time = 51s,Trash: The paper compares monocular 3D detection to light detection comparison, their monocular detection mechanism looks complex},  doi={10.1109/TIV.2022.3143954}}

@ARTICLE{9625720,  author={Stolte, Torben and Ackermann, Stefan and Graubohm, Robert and Jatzkowski, Inga and Klamann, Björn and Winner, Hermann and Maurer, Markus},  journal={IEEE Transactions on Intelligent Vehicles},   title={Taxonomy to Unify Fault Tolerance Regimes for Automotive Systems: Defining Fail-Operational, Fail-Degraded, and Fail-Safe},   year={2022},  volume={7},  number={2},  pages={251-262}, note = {Time: 2m, Scan; The paper presents a taxonomy that allows defining
the fault tolerance regimes fail-operational, fail-degraded, and fail-
safe for automotive vehicles with related work, it is an interesting paper to me. Summary: To reduce frequent occurrence of different interpretations and designations of existing concepts of fault tolerant; This paper presents a classification that allows defining
the fault tolerance rules fail-operational, fail-degraded, and fail-
safe in the context of automotive systems based on the ISO standard. }, doi={10.1109/TIV.2021.3129933}}

@ARTICLE{9591322,  author={Li, Hongcai and Liu, Wenjie and Yang, Chao and Wang, Weida and Qie, Tianqi and Xiang, Changle},  journal={IEEE Transactions on Intelligent Vehicles},   title={An Optimization-Based Path Planning Approach for Autonomous Vehicles Using the DynEFWA-Artificial Potential Field},   year={2022},  volume={7},  number={2},  pages={263-272}, note ={Time= 1:51s, scan; it proposes an optimization problem, to find an optimal path with the least cost in a driving area. Summary: The artificial potential field (APF) is a popular path planning technique to create a functional relationship between the vehicle and its surroundings in order to achieve a collision-free path.
This research suggests a dynamic augmented firework algorithm-APF-based real-time path planning technique for autonomous cars.First, the limitations of the vehicle dynamics and various types of impediments are taken into consideration in order to increase the safety and smoothness of the planned course by the conventional APF approach.
To discover the best route in the driving area with the lowest cost, an optimization problem is then developed. },  doi={10.1109/TIV.2021.3123341}}

@ARTICLE{9678034,  author={Botros, Alexander and Smith, Stephen L.},  journal={IEEE Transactions on Intelligent Vehicles},   title={Tunable Trajectory Planner Using G3 Curves},   year={2022},  volume={7},  number={2},  pages={273-285}, note={50s, Trash; The paper is not applicable to me and beyond my area of interest for autonomous vehicle}, doi={10.1109/TIV.2022.3141881}}

@ARTICLE{9696256,  author={Wang, Jiangong and Wang, Xiao and Shen, Tianyu and Wang, Yutong and Li, Li and Tian, Yonglin and Yu, Hui and Chen, Long and Xin, Jingmin and Wu, Xiangbin and Zheng, Nanning and Wang, Fei-Yue},  journal={IEEE Transactions on Intelligent Vehicles},   title={Parallel Vision for Long-Tail Regularization: Initial Results From IVFC Autonomous Driving Testing},   year={2022},  volume={7},  number={2},  pages={286-299}, note ={1m, Trash, interesting but not applicable}, doi={10.1109/TIV.2022.3145035}}

@ARTICLE{9693162,  author={de Gelder, Erwin and Paardekooper, Jan-Pieter and Saberi, Arash Khabbaz and Elrofai, Hala and Camp, Olaf Op den and Kraines, Steven and Ploeg, Jeroen and De Schutter, Bart},  journal={IEEE Transactions on Intelligent Vehicles},   title={Towards an Ontology for Scenario Definition for the Assessment of Automated Vehicles: An Object-Oriented Framework},   year={2022},  volume={7},  number={2},  pages={300-314},note= {2m, Trash, This paper is very interesting because it proposes an assessment based framework to gauge performance of automated vehicles with closes related work and properly designed framework, however I am not interested in this topic},  doi={10.1109/TIV.2022.3144803}}

@ARTICLE{9693282,  author={Zhou, Xingyu and Wang, Zejiang and Shen, Heran and Wang, Junmin},  journal={IEEE Transactions on Intelligent Vehicles},   title={Robust Adaptive Path-Tracking Control of Autonomous Ground Vehicles With Considerations of Steering System Backlash},   year={2022},  volume={7},  number={2},  pages={315-325}, note ={1:27s, trash; The paper requires some background study to fully understand the mathematical function to model their proposal},  doi={10.1109/TIV.2022.3146085}}

@ARTICLE{9591277,  author={Nidamanuri, Jaswanth and Nibhanupudi, Chinmayi and Assfalg, Rolf and Venkataraman, Hrishikesh},  journal={IEEE Transactions on Intelligent Vehicles},   title={A Progressive Review: Emerging Technologies for ADAS Driven Solutions},   year={2022},  volume={7},  number={2},  pages={326-341}, note ={1:2s, Scan: Yes, a review on ADAS. Summary: Countries and cities with chaotic or less orderly traffic are not included in preliminary investigations and deployment of ADAS . The research is in this paper describes gaps and the most recent advancements and examines various functionalities of ADAS and its autonomy levels.Significantly, it offers a thorough explanation of computational and vision intelligence both a simulation and intelligence for ADAS}, doi={10.1109/TIV.2021.3122898}}

@ARTICLE{9068410,  author={Hasan, Monowar and Mohan, Sibin and Shimizu, Takayuki and Lu, Hongsheng},  journal={IEEE Transactions on Intelligent Vehicles},   title={Securing Vehicle-to-Everything (V2X) Communication Platforms},   year={2020},  volume={5},  number={4},  pages={693-713}, note={Time:1m 11s, scan; presented possibe attacks with v2x. Summary: This paper gives a thorough overview of the V2X ecosystem in this study.
The authors analyze through the primary security and privacy concerns, the ongoing standardization efforts, and the current protection measures that have been put forth for the V2X domain.They also noted semantic shortcomings in current security solutions and listed potential open problems. }, doi={10.1109/TIV.2020.2987430}}

@ARTICLE{9815528,  author={Tang, Xiaolin and Yang, Kai and Wang, Hong and Wu, Jiahang and Qin, Yechen and Yu, Wenhao and Cao, Dongpu},  journal={IEEE Transactions on Intelligent Vehicles},   title={Prediction-Uncertainty-Aware Decision-Making for Autonomous Vehicles},   year={2022},  volume={},  number={},  pages={1-15}, note ={1:53mins, Trash: Equations are combined with other solutions, I have to read other related papers to fully understand}, doi={10.1109/TIV.2022.3188662}}

@ARTICLE{9366366,
  author={Muraleedharan, Arun and Okuda, Hiroyuki and Suzuki, Tatsuya},
  journal={IEEE Transactions on Intelligent Vehicles}, 
  title={Real-Time Implementation of Randomized Model Predictive Control for Autonomous Driving}, 
  year={2022},
  volume={7},
  number={1},
  pages={11-20},
  note ={50s, Trash: Interesting but not applicable yet.},
  doi={10.1109/TIV.2021.3062730}}
  
@ARTICLE{9380554,
  author={Deng, Qi and Söffker, Dirk},
  journal={IEEE Transactions on Intelligent Vehicles}, 
  title={A Review of HMM-Based Approaches of Driving Behaviors Recognition and Prediction}, 
  year={2022},
  volume={7},
  number={1},
  pages={21-31},
  note ={1:59s,Scan: A review on other model compared to hmm. Summary: many machine learning approaches have been developed
and applied for ADAS. However, the Hidden Markov Model (HMM) is a suitable algorithm
due to its ability to handle time series data and state transition
descriptions. This paper focuses on a review of
HMM and its applications. The aim of this contribution is to analyze
the current state of various driving behavior models and related
HMM-based algorithms for the development of ADAS.},
  doi={10.1109/TIV.2021.3065933}}
@ARTICLE{9380699,
  author={Khound, Parthib and Will, Peter and Gronwald, Frank},
  journal={IEEE Transactions on Intelligent Vehicles}, 
  title={Design Methodology to Derive Over-Damped String Stable Adaptive Cruise Control Systems}, 
  year={2022},
  volume={7},
  number={1},
  pages={32-44},
  note = {2m, Trash, interesting paper but includies mathematical complexities},
  doi={10.1109/TIV.2021.3066056}}
  
@ARTICLE{9381686,
  author={Hehn, Thomas and Kooij, Julian and Gavrila, Dariu},
  journal={IEEE Transactions on Intelligent Vehicles}, 
  title={Fast and Compact Image Segmentation Using Instance Stixels}, 
  year={2022},
  volume={7},
  number={1},
  pages={45-56},
  note ={1m 45s, Trash: Not interested in this topic},
  doi={10.1109/TIV.2021.3067223}}
  
@ARTICLE{9384276,
  author={Rivero, Jose Roberto Vargas and Gerbich, Thiemo and Buschardt, Boris and Chen, Jia},
  journal={IEEE Transactions on Intelligent Vehicles}, 
  title={The Effect of Spray Water on an Automotive LIDAR Sensor: A Real-Time Simulation Study}, 
  year={2022},
  volume={7},
  number={1},
  pages={57-72},
  note ={1:14s, Trash; Very interesting paper, but not applicable to my curiosity} ,  
  doi={10.1109/TIV.2021.3067892}}
  
@ARTICLE{9384316,  
author={Qazani, Mohammad Reza Chalak and Asadi, Houshyar and Nahavandi, Saeid},  journal={IEEE Transactions on Intelligent Vehicles}, 
title={An Optimal Motion Cueing Algorithm Using the Inverse Kinematic Solution of the Hexapod Simulation Platform},   year={2022}, 
volume={7},
number={1},  
pages={73-82}, note ={1:10s, Trash; Very interesting paper, but not applicable to my curiosity} ,   doi={10.1109/TIV.2021.3068286}}

@ARTICLE{9409672,  author={Singh, Rohit and Saluja, Deepak and Kumar, Suman},  journal={IEEE Transactions on Intelligent Vehicles},   title={R-Comm: A Traffic Based Approach for Joint Vehicular Radar-Communication},   year={2022},  volume={7},  number={1},  pages={83-92}, note={ Trash; Very interesting paper, but not applicable to my curiosity} ,  doi={10.1109/TIV.2021.3074389}}

@ARTICLE{9445043,  author={Chen, Tzu-Hsuan and Chang, Tian Sheuan},  journal={IEEE Transactions on Intelligent Vehicles},   title={RangeSeg: Range-Aware Real Time Segmentation of 3D LiDAR Point Clouds},   year={2022},  volume={7},  number={1},  pages={93-101}, note ={1:15s, Trash; Very interesting paper, but not applicable to my curiosity} ,   doi={10.1109/TIV.2021.3085827}}

@ARTICLE{9478305,  author={Ding, Li and Terwilliger, Jack and Sherony, Rini and Reimer, Bryan and Fridman, Lex},  journal={IEEE Transactions on Intelligent Vehicles},   title={Value of Temporal Dynamics Information in Driving Scene Segmentation},   year={2022},  volume={7},  number={1},  pages={113-122}, note ={1:01s, Trash; Very interesting paper, but not applicable to my curiosity} ,   doi={10.1109/TIV.2021.3094836}}

@ARTICLE{9536371,  author={Li, Guoqiang and Görges, Daniel and Wang, Meng},  journal={IEEE Transactions on Intelligent Vehicles},   title={Online Optimization of Gear Shift and Velocity for Eco-Driving Using Adaptive Dynamic Programming},   year={2022},  volume={7},  number={1},  pages={123-132},note ={1:17s, Trash; Very interesting paper, but not applicable to my curiosity} ,    doi={10.1109/TIV.2021.3111037}}

@ARTICLE{9560150,  author={Azızıaghdam, Elif Toy and Alankuş, Orhan Behiç},  journal={IEEE Transactions on Intelligent Vehicles},   title={Longitudinal Control of Autonomous Vehicles Consisting Power-Train With Non-Linear Characteristics},   year={2022},  volume={7},  number={1},  pages={133-142}, note ={1:16s, Trash; Very interesting paper, but not applicable to my curiosity} ,   doi={10.1109/TIV.2021.3115265}}

@ARTICLE{9580729,  author={Williams, Nigel and Wu, Guoyuan and Barth, Matthew},  journal={IEEE Transactions on Intelligent Vehicles},   title={Position Uncertainty-Tolerant Cooperative Merging Application for Mixed Multilane Traffic},   year={2022},  volume={7},  number={1},  pages={143-153}, note ={1m 40s, scan, }, doi={10.1109/TIV.2021.3120751}}

@ARTICLE{9277572,  author={Morsali, Mahdi and Frisk, Erik and Åslund, Jan},  journal={IEEE Transactions on Intelligent Vehicles},   title={Spatio-Temporal Planning in Multi-Vehicle Scenarios for Autonomous Vehicle Using Support Vector Machines},   year={2021},  volume={6},  number={4},  pages={611-621},  note ={1:14s, Trash; Very interesting paper, but not applicable to my curiosity} ,   doi={10.1109/TIV.2020.3042087}}

@ARTICLE{9291433,  author={Yan, Zhanhong and Yang, Kaiming and Wang, Zheng and Yang, Bo and Kaizuka, Tsutomu and Nakano, Kimihiko},  journal={IEEE Transactions on Intelligent Vehicles},   title={Intention-Based Lane Changing and Lane Keeping Haptic Guidance Steering System},   year={2021},  volume={6},  number={4},  pages={622-633}, note ={1:14s, Trash; Very interesting paper, but not applicable to my curiosity} ,   doi={10.1109/TIV.2020.3044180}}


@ARTICLE{9291414,  author={Watta, Paul and Zhang, Ximu and Murphey, Yi Lu},  journal={IEEE Transactions on Intelligent Vehicles},   title={Vehicle Position and Context Detection Using V2V Communication},   year={2021},  volume={6},  number={4},  pages={634-648},note ={1:14s, Scan; Very interesting paper. Summary: The capacity of the V2V connection to address a wider range of crash scenarios with improved signal timing has made it appear to be a promising technology to supplement vehicle-resident sensors with.
In this paper, an intelligent system that combines geometric modeling with neural networks is presented.
In order to detect and forecast the positions of remote vehicles, they employ a neural network that has been trained on real-world V2V data to extract the crucial geometric features using an analytical geometric model.} ,  doi={10.1109/TIV.2020.3044257}}

@ARTICLE{9305274,  author={Barnett, Jevin and Gizinski, Nicholas and Mondragón-Parra, Eduardo and Siegel, Joshua and Morris, Daniel and Gates, Timothy and Kassens-Noor, Eva and Savolainen, Peter},  journal={IEEE Transactions on Intelligent Vehicles},   title={Automated Vehicles Sharing the Road: Surveying Detection and Localization of Pedalcyclists},   year={2021},  volume={6},  number={4},  pages={649-664}, note ={1:14s, Trash; Very interesting paper, but not applicable to my curiosity} ,  doi={10.1109/TIV.2020.3046859}}

@ARTICLE{9310276,  author={Herrmann, Thomas and Wischnewski, Alexander and Hermansdorfer, Leonhard and Betz, Johannes and Lienkamp, Markus},  journal={IEEE Transactions on Intelligent Vehicles},   title={Real-Time Adaptive Velocity Optimization for Autonomous Electric Cars at the Limits of Handling},   year={2021},  volume={6},  number={4},  pages={665-677}, note ={1:19s, Trash; Very interesting paper, but not applicable to my curiosity} , doi={10.1109/TIV.2020.3047858}}

@ARTICLE{9319548,  author={Cai, Xiuzhang and Giallorenzo, Michael and Sarabandi, Kamal},  journal={IEEE Transactions on Intelligent Vehicles},   title={Machine Learning-Based Target Classification for MMW Radar in Autonomous Driving},   year={2021},  volume={6},  number={4},  pages={678-689}, note ={1m, Trash; Very interesting paper, but not applicable to my curiosity} , doi={10.1109/TIV.2020.3048944}}

@ARTICLE{9314262,  author={Zhou, Changxin and Liu, Yazhou and Sun, Quansen and Lasang, Pongsak},  journal={IEEE Transactions on Intelligent Vehicles},   title={Vehicle Detection and Disparity Estimation Using Blended Stereo Images},   year={2021},  volume={6},  number={4}, note ={1:14s, Trash; Very interesting paper, but not applicable to my curiosity} , pages={690-698},  doi={10.1109/TIV.2020.3049008}}

@ARTICLE{9351650,
  author={Huang, Yiwen and Yong, Sze Zheng and Chen, Yan},
  journal={IEEE Transactions on Intelligent Vehicles}, 
  title={Stability Control of Autonomous Ground Vehicles Using Control-Dependent Barrier Functions}, 
  year={2021},
  volume={6},
  number={4},
  pages={699-710},
  note ={1:16s, Trash; Very interesting paper, but not applicable to my curiosity} ,
  doi={10.1109/TIV.2021.3058064}}
  
  @ARTICLE{9359494,  author={Feng, Shuo and Song, Ziyou and Li, Zhaojian and Zhang, Yi and Li, Li},  journal={IEEE Transactions on Intelligent Vehicles},   title={Robust Platoon Control in Mixed Traffic Flow Based on Tube Model Predictive Control},   year={2021},  volume={6},  number={4},  pages={711-722}, note ={1:10s, Trash; Very interesting paper, but not applicable to my curiosity} , doi={10.1109/TIV.2021.3060626}}
  
@ARTICLE{9362281,  author={Parseh, Masoumeh and Asplund, Fredrik and Svensson, Lars and Sinz, Wolfgang and Tomasch, Ernst and Törngren, Martin},  journal={IEEE Transactions on Intelligent Vehicles},   title={A Data-Driven Method Towards Minimizing Collision Severity for Highly Automated Vehicles},   year={2021},note ={1:54s, Trash; Very interesting paper, but not applicable to my curiosity} ,  volume={6},  number={4},  pages={723-735},  doi={10.1109/TIV.2021.3061907}}

@ARTICLE{9368510,  author={Kabir, Mohammad Ekramul and Sorkhoh, Ibrahim and Moussa, Bassam and Assi, Chadi},  journal={IEEE Transactions on Intelligent Vehicles},   title={Joint Routing and Scheduling of Mobile Charging Infrastructure for V2V Energy Transfer},   year={2021},  volume={6},  number={4},  pages={736-746}, note ={1:5s, Trash; Very interesting paper, but not applicable to my curiosity} , doi={10.1109/TIV.2021.3063221}}

@ARTICLE{9372805,  author={Pool, Ewoud A. I. and Kooij, Julian F. P. and Gavrila, Dariu M.},  journal={IEEE Transactions on Intelligent Vehicles},   title={Crafted vs Learned Representations in Predictive Models—A Case Study on Cyclist Path Prediction},   year={2021},  volume={6},  number={4},  pages={747-759}, note ={1:14s, Trash; Very interesting paper, but not applicable to my curiosity} , doi={10.1109/TIV.2021.3064253}}

@ARTICLE{9372802,  author={Willey, Landon C. and Salmon, John L.},  journal={IEEE Transactions on Intelligent Vehicles},   title={Infrastructure Optimization of In-Motion Charging Networks for Electric Vehicles Using Agent-Based Modeling},   year={2021},  volume={6},  number={4}, note ={1:20s, Trash; Very interesting paper, but not applicable to my curiosity} , pages={760-771},  doi={10.1109/TIV.2021.3064549}}

@ARTICLE{9380511,  author={Tian, Fangyin and Zhou, Rui and Li, Zhiheng and Li, Li and Gao, Yu and Cao, Dongpu and Chen, Long},  journal={IEEE Transactions on Intelligent Vehicles},   title={Trajectory Planning for Autonomous Mining Trucks Considering Terrain Constraints},   year={2021},  volume={6},  number={4},  pages={772-786}, note ={1m 2s, Interwstign paper but I am more interested in automated cars}, doi={10.1109/TIV.2021.3065867}}

@ARTICLE{9427213,  author={Zhao, Chengfeng and Fu, Chen and Dolan, John M. and Wang, Jun},  journal={IEEE Transactions on Intelligent Vehicles},   title={L-Shape Fitting-Based Vehicle Pose Estimation and Tracking Using 3D-LiDAR},   year={2021},  volume={6},  number={4}, note ={2m 1s, Trash, this paper is one of general application of light detection sensor },  pages={787-798},  doi={10.1109/TIV.2021.3078619}}



@ARTICLE{9809823,  author={Ju, Zhiyang and Zhang, Hui and Li, Xiang and Chen, Xiaoguang and Han, Jinpeng and Yang, Manzhi},  journal={IEEE Transactions on Intelligent Vehicles},   title={A Survey on Attack Detection and Resilience for Connected and Automated Vehicles: From Vehicle Dynamics and Control Perspective},   year={2022},  volume={},  number={},  pages={1-24}, note ={2m, scan, I am very interested in this paper as it cotains a good survey of attack detection mechanism in connected car}, doi={10.1109/TIV.2022.3186897}}
@ARTICLE{9684928,  author={Rangesh, Akshay and Zhang, Bowen and Trivedi, Mohan Manubhai},  journal={IEEE Transactions on Intelligent Vehicles},   title={Gaze Preserving CycleGANs for Eyeglass Removal and Persistent Gaze Estimation},   year={2022},  volume={7},  number={2},  pages={377-386}, note ={1:14s, Trash; Very interesting paper, but not applicable to my curiosity} , doi={10.1109/TIV.2022.3144043}}
@ARTICLE{9712376,  author={Zhu, Zhaoxuan and Pivaro, Nicola and Gupta, Shobhit and Gupta, Abhishek and Canova, Marcello},  journal={IEEE Transactions on Intelligent Vehicles},   title={Safe Model-Based Off-Policy Reinforcement Learning for Eco-Driving in Connected and Automated Hybrid Electric Vehicles},   year={2022},  volume={7},  number={2},  pages={387-398},  doi={10.1109/TIV.2022.3150668}}
